@article{einstein1905,
  author = {Albert Einstein},
  title = {Zur Elektrodynamik bewegter KÃ¶rper},
  journal = {Annalen der Physik},
  year = {1905},
  volume = {322},
  number = {10},
  pages = {891--921},
}